% ==============================================================================
%  ____  _ _     _ _                             _
% | __ )(_) |__ | (_) ___   __ _ _ __ __ _ _ __ | |__  _   _
% |  _ \| | '_ \| | |/ _ \ / _` | '__/ _` | '_ \| '_ \| | | |
% | |_) | | |_) | | | (_) | (_| | | | (_| | |_) | | | | |_| |
% |____/|_|_.__/|_|_|\___/ \__, |_|  \__,_| .__/|_| |_|\__, |
%                          |___/          |_|          |___/
% ==============================================================================

@book{SalmangScholze,
  author = "Salmang und Scholze",
  title = "Keramik",
  note = "Springer-Verlag",
  year = "2007",
  ISBN = "978-3-540-63273-3"
}
